<?xml version="1.0" encoding="UTF-8"?><collection xmlns="info:lc/xmlns/marcxchange-v2" xsi:schemaLocation="info:lc/xmlns/marcxchange-v2 http://www.loc.gov/standards/iso25577/marcxchange-2-0.xsd" xmlns:xsi="http://www.w3.org/2001/XMLSchema-instance"><record format="MARC21" type="Bibliographic"><leader>00000nM2.02200024   000h</leader><controlfield tag="001">000000658</controlfield><controlfield tag="002">19990511</controlfield><controlfield tag="003">20110119</controlfield><datafield ind2=" " ind1=" " tag="100"><subfield code="a">Moers, Walter</subfield></datafield><datafield ind2=" " ind1=" " tag="331"><subfield code="a">¬Die¬ 13 1/2 Leben des Käpt'n Blaubär</subfield></datafield><datafield ind2=" " ind1=" " tag="335"><subfield code="a">die halben Lebenserinnerungen eines Seebären ; mit zahlreichen Ill. u. unter Benutzung des "Lexikons der erklärungsbedürftigen Wunder, Daseinsformen und Phänomene Zamoniens und Umgebung" von Prof. Dr. Abdul Nachtigaller</subfield></datafield><datafield ind2=" " ind1=" " tag="359"><subfield code="a">Walter Moers</subfield></datafield><datafield ind2=" " ind1="b" tag="370"><subfield code="a">¬Die¬ dreizehneinhalb Leben des Käpt'n Blaubär</subfield></datafield><datafield ind2=" " ind1=" " tag="410"><subfield code="a">Frankfurt</subfield></datafield><datafield ind2=" " ind1=" " tag="412"><subfield code="a">Eichborn</subfield></datafield><datafield ind2=" " ind1=" " tag="425"><subfield code="a">1999</subfield></datafield><datafield ind2=" " ind1=" " tag="433"><subfield code="a">712 S.</subfield></datafield><datafield ind2=" " ind1=" " tag="434"><subfield code="a">Ill.</subfield></datafield><datafield ind2=" " ind1=" " tag="501"><subfield code="a">Nicht ausscheiden!</subfield></datafield><datafield ind2=" " ind1=" " tag="540"><subfield code="a">3-8218-2969-9</subfield></datafield><datafield ind2=" " ind1="z" tag="540"><subfield code="a">fest geb. : 49,80 DM</subfield></datafield><datafield ind2=" " ind1="R" tag="700"><subfield code="a">20004217</subfield></datafield><datafield ind2=" " ind1="S" tag="700"><subfield code="a">30001146</subfield></datafield><datafield ind2=" " ind1="Z" tag="700"><subfield code="a">10003829</subfield></datafield><datafield ind2=" " ind1="Z" tag="700"><subfield code="a">10005915</subfield></datafield></record>