<record format="MARC21" type="Bibliographic"><leader>00000nM2.02200024   000h</leader><controlfield tag="001">000000672</controlfield><controlfield tag="002">19990511</controlfield><controlfield tag="003">20110524</controlfield><datafield ind2=" " ind1=" " tag="100"><subfield code="a">Welsh, Renate</subfield></datafield><datafield ind2=" " ind1="b" tag="104"><subfield code="a">Mair, Martina ¬[Ill.]¬</subfield></datafield><datafield ind2=" " ind1=" " tag="331"><subfield code="a">¬Das¬ kleine Moorgespenst</subfield></datafield><datafield ind2=" " ind1=" " tag="359"><subfield code="a">Renate Welsh. Bilder von Martina Mair</subfield></datafield><datafield ind2=" " ind1=" " tag="410"><subfield code="a">Hamburg</subfield></datafield><datafield ind2=" " ind1=" " tag="412"><subfield code="a">Oetinger</subfield></datafield><datafield ind2=" " ind1=" " tag="425"><subfield code="a">1999</subfield></datafield><datafield ind2=" " ind1=" " tag="433"><subfield code="a">61 S.</subfield></datafield><datafield ind2=" " ind1=" " tag="434"><subfield code="a">Ill.</subfield></datafield><datafield ind2=" " ind1="b" tag="451"><subfield code="a">Sonne, Mond und Sterne</subfield></datafield><datafield ind2=" " ind1=" " tag="540"><subfield code="a">3-7891-0557-0</subfield></datafield><datafield ind2=" " ind1="z" tag="540"><subfield code="a">geb.</subfield></datafield><datafield ind2=" " ind1="R" tag="700"><subfield code="a">20001547</subfield></datafield><datafield ind2=" " ind1="S" tag="700"><subfield code="a">30000507</subfield></datafield><datafield ind2=" " ind1="Z" tag="700"><subfield code="a">10001088</subfield></datafield><datafield ind2=" " ind1="Z" tag="700"><subfield code="a">10003002</subfield></datafield><datafield ind2=" " ind1=" " tag="710"><subfield code="a">Gespenst</subfield></datafield></record>