<record format="MARC21" type="Bibliographic"><leader>00000nM2.02200024   000h</leader><controlfield tag="001">000000685</controlfield><controlfield tag="002">19990511</controlfield><controlfield tag="003">20110520</controlfield><datafield ind2=" " ind1=" " tag="100"><subfield code="a">Sommer, Jörg</subfield></datafield><datafield ind2=" " ind1="b" tag="104"><subfield code="a">Baumann, Stephan ¬[Ill.]¬</subfield></datafield><datafield ind2=" " ind1=" " tag="331"><subfield code="a">Wir spielen Indianer</subfield></datafield><datafield ind2=" " ind1=" " tag="335"><subfield code="a">das büffelstarke Spiel- und Spaßbuch</subfield></datafield><datafield ind2=" " ind1=" " tag="359"><subfield code="a">Jörg Sommer. Mit Ill. von Stephan Baumann</subfield></datafield><datafield ind2=" " ind1=" " tag="403"><subfield code="a">1. Aufl.</subfield></datafield><datafield ind2=" " ind1=" " tag="410"><subfield code="a">Würzburg</subfield></datafield><datafield ind2=" " ind1=" " tag="412"><subfield code="a">Arena</subfield></datafield><datafield ind2=" " ind1=" " tag="425"><subfield code="a">1997</subfield></datafield><datafield ind2=" " ind1=" " tag="433"><subfield code="a">175 S.</subfield></datafield><datafield ind2=" " ind1=" " tag="434"><subfield code="a">zahlr. Ill.</subfield></datafield><datafield ind2=" " ind1=" " tag="451"><subfield code="a">Arena-Taschenbuch ; 329</subfield></datafield><datafield ind2=" " ind1=" " tag="501"><subfield code="a">In neuer Rechtschreibung</subfield></datafield><datafield ind2=" " ind1="a" tag="540"><subfield code="a">3-401-00329-1</subfield></datafield><datafield ind2=" " ind1="z" tag="540"><subfield code="a">kt. : 12,90</subfield></datafield><datafield ind2=" " ind1="R" tag="700"><subfield code="a">20001652</subfield></datafield><datafield ind2=" " ind1="Z" tag="700"><subfield code="a">10001168</subfield></datafield><datafield ind2=" " ind1="c" tag="750"><subfield code="a">Krähenindianer Falkenauge führt durch die Sammlung von Spielen, Bastelanleitungen, Rezepten, Rätseln, Witzen etc. und regt dazu an, einen eigenen</subfield></datafield></record>