<record format="MARC21" type="Bibliographic"><leader>00000nM2.02200024   000h</leader><controlfield tag="001">000000688</controlfield><controlfield tag="002">19990511</controlfield><controlfield tag="003">20110520</controlfield><datafield ind2=" " ind1=" " tag="100"><subfield code="a">Dorris, Michael</subfield></datafield><datafield ind2=" " ind1=" " tag="304"><subfield code="a">Guests &lt;dt.&gt;</subfield></datafield><datafield ind2=" " ind1=" " tag="331"><subfield code="a">Fremde</subfield></datafield><datafield ind2=" " ind1=" " tag="359"><subfield code="a">Michael Dorris. Mit Ill. von Wolfgang Slwaski</subfield></datafield><datafield ind2=" " ind1=" " tag="403"><subfield code="a">Dt. Erstausg.</subfield></datafield><datafield ind2=" " ind1=" " tag="410"><subfield code="a">Ravensburg</subfield></datafield><datafield ind2=" " ind1=" " tag="412"><subfield code="a">Ravensburger Buchverl.</subfield></datafield><datafield ind2=" " ind1=" " tag="425"><subfield code="a">1996</subfield></datafield><datafield ind2=" " ind1=" " tag="433"><subfield code="a">126 S.</subfield></datafield><datafield ind2=" " ind1=" " tag="434"><subfield code="a">Ill.</subfield></datafield><datafield ind2=" " ind1=" " tag="435"><subfield code="a">21 cm</subfield></datafield><datafield ind2=" " ind1=" " tag="501"><subfield code="a">Aus dem Engl. übers.</subfield></datafield><datafield ind2=" " ind1="a" tag="540"><subfield code="a">3-473-34268-8</subfield></datafield><datafield ind2=" " ind1="z" tag="540"><subfield code="a">geb. : 10,12 EUR</subfield></datafield><datafield ind2=" " ind1="R" tag="700"><subfield code="a">20001554</subfield></datafield><datafield ind2=" " ind1="Z" tag="700"><subfield code="a">10001095</subfield></datafield><datafield ind2=" " ind1=" " tag="710"><subfield code="a">Indianer</subfield></datafield><datafield ind2=" " ind1="c" tag="750"><subfield code="a">Der Indianerjunge Moos (13) ist nicht damit einverstanden, daß sein Vater notleidende weiße Siedle</subfield></datafield></record></collection>